<?xml version="1.0" encoding="UTF-8"?><collection xmlns="http://www.loc.gov/MARC21/slim"><record><leader>00529nam--2200169-i-4500</leader><controlfield tag="001">000025659</controlfield><controlfield tag="002">20161230</controlfield><controlfield tag="005">20161230201036</controlfield><controlfield tag="008">060222s1000------------r-----000-0-eng-d</controlfield><datafield ind1=" " ind2=" " tag="040"><subfield code="a">IFIN-HH</subfield></datafield><datafield ind1=" " ind2=" " tag="080"><subfield code="a">53(038.100)=20:621.38(038.100)=20</subfield></datafield><datafield ind1="1" ind2=" " tag="100"><subfield code="a">Michels, Walter C</subfield></datafield><datafield ind1="1" ind2="0" tag="245"><subfield code="a">The international dictionary of physics and electronics</subfield><subfield code="b">Second edition</subfield><subfield code="c">Walter c. michels (editor-in-chief)</subfield></datafield><datafield ind1=" " ind2=" " tag="260"><subfield code="a">Princeton</subfield><subfield code="b">D.Van Nostrand Company, Inc</subfield><subfield code="c">1956</subfield></datafield><datafield ind1=" " ind2=" " tag="300"><subfield code="a">1355P</subfield></datafield><datafield ind1=" " ind2=" " tag="852"><subfield code="a">D.30</subfield><subfield code="c">SLF</subfield></datafield><datafield ind1=" " ind2=" " tag="CAT"><subfield code="a">Sys</subfield><subfield code="c">20130213</subfield><subfield code="h">153945</subfield></datafield></record></collection>